@book{austin-uas,
  author     = {Austin, Reg},
  title      = {Unmanned aircraft systems : UAVs design, development and deployment},
  publisher  = {Wiley},
  numpages   = {365},
  pagetotal  = {365},
  year       = {2010},
  address    = {Chichester, UK},
  isbn       = {978-0-470-05819-0},
  langid     = {english}
}
@book{douglas-intro-to-uas,
  author    = {Douglas M. Marshall and Richard K. Barnhart and Eric Shappee and Michael Thomas Most},
  title     = {Introduction to Unmanned Aircraft Systems},
  publisher = {CRC Press, Taylor \& Francis Group},
  numpages  = {377},
  pagetotal = {377},
  year      = {2016},
  address   = {Boca Raton, FL},
  isbn      = {978-1-4822-6395-4},
  langid    = {english}
}
@booklet{gost-photogrammetry,
  title = {ГОСТ Р 51833-2001 Фотограмметрия. Термины и определения},
  year = {2011},
}
@article{ieee-cellular-uav-to-x,
  doi = {10.1109/twc.2019.2892131},
  url = {https://doi.org/10.1109/twc.2019.2892131},
  year = {2019},
  month = feb,
  publisher = {Institute of Electrical and Electronics Engineers ({IEEE})},
  volume = {18},
  number = {2},
  pages = {1346--1359},
  author = {Shuhang Zhang and Hongliang Zhang and Boya Di and Lingyang Song},
  title = {Cellular {UAV}-to-X Communications: Design and Optimization for Multi-{UAV} Networks},
  journal = {{IEEE} Transactions on Wireless Communications},
  langid = {english}
}
@article{ieee-autonomous-uav-path,
  doi = {10.1109/mra.2009.932529},
  url = {https://doi.org/10.1109/mra.2009.932529},
  year = {2009},
  month = jun,
  publisher = {Institute of Electrical and Electronics Engineers ({IEEE})},
  volume = {16},
  number = {2},
  pages = {35--42},
  author = {John Tisdale and Zuwhan Kim and J. Hedrick},
  title = {Autonomous {UAV} path planning and estimation},
  journal = {{IEEE} Robotics {\&} Automation Magazine},
  langid = {english}
}
@article{elsevier-receding-horizon,
  doi = {10.1016/j.arcontrol.2018.04.008},
  url = {https://doi.org/10.1016/j.arcontrol.2018.04.008},
  year = {2018},
  publisher = {Elsevier {BV}},
  volume = {45},
  pages = {191--204},
  author = {Filiberto Fele and Antonio De Paola and David Angeli and Goran Strbac},
  title = {A framework for receding-horizon control in infinite-horizon aggregative games},
  journal = {Annual Reviews in Control},
  langid = {english}
}
@online{arxiv-uas-routing-sim,
  author  = {Zhao Jin and Ziyi Zhao and Chen Luo and Franco Basti and Adrian Solomon and M. Cenk Gursoy and Carlos Caicedo and Qinru Qiu},
  title   = {Simulation of Real-time Routing for UAS traffic Management with Communication and Airspace Safety Considerations},
  year    = {2020},
  url     = {https://arxiv.org/abs/2002.11861},
  langid  = {english}
}
@online{arxiv-receding-horizon,
  author  = {Marina Murillo and Guido Sánchez and Lucas Genzelis and Nahuel Deniz and Leonardo Giovanini},
  title   = {A Receding Horizon Framework for Autonomy in Unmanned Vehicles},
  year    = {2019},
  url     = {https://arxiv.org/abs/1906.10657v1},
  langid  = {english}
}
@online{isr-markov-games,
  author  = {Hyeong Soo Chang and Steven I. Marcus},
  title   = {Markov Games: Receding Horizon Approach},
  year    = {2001},
  url     = {http://hdl.handle.net/1903/6210},
  langid  = {english}
}
@online{avaks-comm-systems,
  author  = {Н. М. Боев and П. В. Шаршавин and И. В. Нигруца},
  title   = {Построение систем связи беспилотных летательных аппаратов для передачи информации на большие расстояния},
  year    = {2017},
  url     = {https://uav-siberia.com/news/postroenie-sistem-svyazi-bespilotnykh-letatelnykh-apparatov-dlya-peredachi-informatsii-na-bolshie-ra/},
  langid  = {russian}
}
@online{bloomberg-uav-market,
  title   = {The Global Unmanned Aerial Vehicle (UAV) Market to Reach to \$70.28 Billion by 2029},
  year    = {2019},
  url     = {https://www.bloomberg.com/press-releases/2019-05-30/the-global-unmanned-aerial-vehicle-uav-market-to-reach-to-70-28-billion-by-2029},
  langid  = {english}
}
@online{lomonosov-remote-sensing,
  title   = {Дистанционное зондирование Земли},
  author  = {Книжников Юрий Фирсович},
  year    = {2011},
  url     = {http://lomonosov-fund.ru/enc/ru/encyclopedia:01330:article},
  langid  = {russian}
}
@online{usatoday-covid,
  title   = {Police agencies are using drones to enforce stay-at-home orders, raising concerns among civil rights groups},
  author  = {Kristine Phillips},
  year    = {2020},
  url     = {https://eu.usatoday.com/story/news/politics/2020/05/03/coronavirus-police-use-drones-enforcement-privacy-concerns/3059073001/},
  langid  = {english}
}
@online{nasa-hurricane,
  title   = {NASA's Global Hawk Drone Aircraft Flies Over Frank on the GRIP Hurricane Mission},
  author  = {Rob Gutro and Mike Black},
  year    = {2020},
  url     = {https://www.nasa.gov/mission_pages/hurricanes/missions/grip/news/frank-flyover.html},
  langid  = {english}
}
@online{cnn-amazon,
  title   = {Amazon says drone deliveries are the future},
  author  = {Gregory Wallace},
  year    = {2013},
  url     = {https://money.cnn.com/2013/12/01/technology/amazon-drone-delivery/index.html},
  langid  = {english}
}
@online{ros-documentation,
  title   = {ROS Documentation},
  year    = {2018},
  url     = {http://wiki.ros.org/},
  langid  = {english}
}
@online{px4-guide,
  title   = {PX4 Autopilot User Guide},
  year    = {2020},
  url     = {https://docs.px4.io/v1.10/en/index.html},
  langid  = {english}
}
@inproceedings{stanford-beyond-ddd,
  doi       = {10.1145/1349822.1349827},
  url       = {https://doi.org/10.1145/1349822.1349827},
  year      = {2008},
  publisher = {{ACM} Press},
  author    = {Leila Takayama and Wendy Ju and Clifford Nass},
  title     = {Beyond dirty, dangerous and dull},
  booktitle = {Proceedings of the 3rd international conference on Human robot interaction  - {HRI} {\textquotesingle}08},
  langid  = {english}
}
